<record><leader>00000cas a22000007a 4500</leader><controlfield tag="001">40166931</controlfield><controlfield tag="008">981026d19661992vauwr ne      0    0eng d</controlfield><datafield ind1=" " ind2=" " tag="010"><subfield code="a">sn 98068247 </subfield></datafield><datafield ind1=" " ind2=" " tag="040"><subfield code="a">NVK</subfield><subfield code="b">eng</subfield><subfield code="c">NVK</subfield><subfield code="d">OCLCQ</subfield><subfield code="d">NVK</subfield><subfield code="d">OCLCQ</subfield><subfield code="d">OCLCF</subfield><subfield code="d">OCLCO</subfield></datafield><datafield ind1="1" ind2=" " tag="029"><subfield code="a">AU@</subfield><subfield code="b">000024788875</subfield></datafield><datafield ind1=" " ind2=" " tag="042"><subfield code="a">msc</subfield></datafield><datafield ind1=" " ind2=" " tag="043"><subfield code="a">n-us-va</subfield></datafield><datafield ind1="0" ind2=" " tag="130"><subfield code="a">Cumberland times (Clintwood, Va.)</subfield></datafield><datafield ind1="1" ind2="4" tag="245"><subfield code="a">The Cumberland times.</subfield></datafield><datafield ind1=" " ind2=" " tag="260"><subfield code="a">Clintwood, Va. :</subfield><subfield code="b">Joe Lee Baker</subfield></datafield><datafield ind1=" " ind2=" " tag="300"><subfield code="a">v.</subfield></datafield><datafield ind1=" " ind2=" " tag="310"><subfield code="a">Weekly</subfield></datafield><datafield ind1="1" ind2=" " tag="362"><subfield code="a">Began in 1966?</subfield></datafield><datafield ind1=" " ind2=" " tag="500"><subfield code="a">"The best paper printed in Dickenson by a dam site."</subfield></datafield><datafield ind1=" " ind2=" " tag="500"><subfield code="a">On masthead beginning Feb. 27, 1985: "The only paper printed in Dickenson County."</subfield></datafield><datafield ind1=" " ind2=" " tag="500"><subfield code="a">On masthead beginning Dec. 23, 1992: "Dickenson County's only locally owned and operated newspaper."</subfield></datafield><datafield ind1=" " ind2=" " tag="500"><subfield code="a">Publisher: Cumberland Times Pub. Co., 1992-</subfield></datafield><datafield ind1=" " ind2=" " tag="525"><subfield code="a">Supplements for Southwest Virginia Community College appear seasonally.</subfield></datafield><datafield ind1=" " ind2=" " tag="530"><subfield code="a">Available on microfilm from Bell and Howell, and from UMI.</subfield></datafield><datafield ind1=" " ind2=" " tag="588"><subfield code="a">Description based on: Vol. 3, no. 42 (May 1, 1969).</subfield></datafield><datafield ind1=" " ind2="0" tag="651"><subfield code="a">Clintwood (Va.)</subfield><subfield code="v">Newspapers.</subfield></datafield><datafield ind1=" " ind2="0" tag="651"><subfield code="a">Dickenson County (Va.)</subfield><subfield code="v">Newspapers.</subfield></datafield><datafield ind1=" " ind2="7" tag="655"><subfield code="a">Newspapers.</subfield><subfield code="2">fast</subfield><subfield code="0">(OCoLC)fst01423814</subfield></datafield><datafield ind1=" " ind2="7" tag="651"><subfield code="a">Virginia</subfield><subfield code="z">Clintwood.</subfield><subfield code="2">fast</subfield><subfield code="0">(OCoLC)fst01293948</subfield></datafield><datafield ind1=" " ind2="7" tag="651"><subfield code="a">Virginia</subfield><subfield code="z">Dickenson County.</subfield><subfield code="2">fast</subfield><subfield code="0">(OCoLC)fst01225804</subfield></datafield><datafield ind1=" " ind2=" " tag="752"><subfield code="a">United States</subfield><subfield code="b">Virginia</subfield><subfield code="c">Dickenson</subfield><subfield code="d">Clintwood.</subfield></datafield><datafield ind1="0" ind2="7" tag="785"><subfield code="t">Dickenson star</subfield><subfield code="w">(DLC)sn 83009955</subfield></datafield><datafield ind1="0" ind2="7" tag="785"><subfield code="t">Dickenson star, the Cumberland times</subfield><subfield code="w">(DLC)sn 95004457</subfield></datafield></record>